@inproceedings{schuster2017beautyburst,
	title = {{Beauty and the Burst: Remote Identification of Encrypted Video Streams}},
	author = {Roei Schuster and Vitaly Shmatikov and Eran Tromer},
	booktitle = {USENIX Security Symposium},
	year = {2017}
}

@inproceedings{white2011phonotactic,
    title={{Phonotactic reconstruction of encrypted voip conversations: Hookt on
    fon-iks}},
    author={{White, Andrew M and Matthews, Austin R and Snow, Kevin Z and
    Monrose, Fabian}},
    booktitle={IEEE Symposium on Security and Privacy (S\&P)},
    year={2011},
}


@inproceedings{bhat2019varcnn,
    title={Var-CNN: A Data-Efficient Website Fingerprinting Attack Based on Deep
    Learning},
    author={Bhat, Sanjit and Lu, David and Kwon, Albert and Devadas, Srinivas},
    booktitle={Privacy Enhancing Technologies Symposium (PETS)},
    year={2019}
}


@inproceedings{wang2014supersequence,
    title={{Effective Attacks and Provable Defenses for Website Fingerprinting}},
    author={Wang, Tao and Cai, Xiang and Nithyanand, Rishab and Johnson, Rob
    and Goldberg, Ian},
    booktitle={USENIX Security Symposium},
    year={2014}
}

@inproceedings{luo2011httpos,
	title = {{HTTPOS: Sealing Information Leaks with Browser-side Obfuscation of Encrypted Flows}},
	author = {Luo, Xiapu and Zhou, Peng and Chan, Edmond WW and Lee, Wenke and Chang, Rocky KC and Perdisci, Roberto},
	booktitle = {Network and Distributed System Security Symposium (NDSS)},
	volume = {11},
	year = {2011}
}


@inproceedings{shan2021dolos,
    title={{Patch-based Defenses against Web Fingerprinting Attacks}},
    author={Shan, Shawn and Bhagoji, Arjun Nitin and Zheng, Haitao and Zhao, Ben
    Y},
    booktitle={ACM Workshop on Artificial Intelligence and Security (AISec)},
    year={2021}
}

@inproceedings{nasr2021blind,
    title={{Defeating DNN-Based Traffic Analysis Systems in Real-Time With Blind
    Adversarial Perturbations}},
    author={Nasr, Milad and Bahramali, Alireza and Houmansadr, Amir},
    booktitle={USENIX Security Symposium},
    year={2021}
}

@article{rahman2020mockingbird,
    title={{Mockingbird: Defending Against Deep-Learning-Based Website
    Fingerprinting Attacks with Adversarial Traces}},
    author={Rahman, Mohammad Saidur and Imani, Mohsen and Mathews, Nate and
    Wright, Matthew},
    journal={IEEE Transactions on Information Forensics and Security},
    volume={16},
    pages={1594--1609},
    year={2020},
}

@inproceedings{mehta2022pacer,
    title={{Pacer: Comprehensive Network $\{$Side-Channel$\}$ Mitigation in the
    Cloud}},
    author={Mehta, Aastha and Alzayat, Mohamed and De Viti, Roberta and
    Brandenburg, Bj{\"o}rn B and Druschel, Peter and Garg, Deepak},
    booktitle={USENIX Security Symposium},
    year={2022}
}

@inproceedings{sirinam2018df,
    title={Deep Fingerprinting: Undermining Website Fingerprinting Defenses with
    Deep Learning},
    author={Sirinam, Payap and Imani, Mohsen and Juarez, Marc and Wright,
    Matthew},
    booktitle={ACM SIGSAC Conference on Computer and Communications Security
    (CCS)},
    year={2018}
}
@inproceedings{saponas2007devices,
    title={{Devices That Tell on You: Privacy Trends in Consumer Ubiquitous
      Computing.}},
    author={Saponas, T Scott and Lester, Jonathan and Hartung, Carl and Agarwal, Sameer and Kohno, Tadayoshi and others},
    booktitle={USENIX Security Symposium},
    year={2007}
}
@inproceedings{gong2020zero,
    title={{Zero-delay Lightweight Defenses against Website Fingerprinting}},
    author={Gong, Jiajun and Wang, Tao},
    booktitle={USENIX Security Symposium},
    year={2020}
}
@inproceedings{cai2014csbuflo,
    title={{CS-BuFLO: A Congestion Sensitive Website Fingerprinting
    Defense}},
    author={Cai, Xiang and Nithyanand, Rishab and Johnson, Rob},
    booktitle={Workshop on Privacy in the Electronic Society (WPES)},
    year={2014},
}

@inproceedings{lu2018dynaflow,
    title={{DynaFlow: An Efficient Website Fingerprinting Defense Based on
    Dynamically-Adjusting Flows}},
    author={Lu, David and Bhat, Sanjit and Kwon, Albert and Devadas, Srinivas},
    booktitle={Workshop on Privacy in the Electronic Society (WPES)},
    year={2018},
}
@inproceedings{juarez2016wtfpad,
  title={{Toward an Efficient Website Fingerprinting Defense}},
  author={Juarez, Marc and Imani, Mohsen and Perry, Mike and Diaz, Claudia and Wright, Matthew},
  booktitle={European Symposium on Research in Computer Security (ESORICS)},
  year={2016},
}
@inproceedings{cai2014tamaraw,
    title={{A systematic approach to developing and evaluating website
    fingerprinting defenses}},
    author={Cai, Xiang and Nithyanand, Rishab and Wang, Tao and Johnson, Rob
    and Goldberg, Ian},
    booktitle={ACM SIGSAC Conference on Computer and Communications Security
    (CCS)},
    year={2014},
}



@inproceedings{hayes2016kfp,
    title={{k-fingerprinting: A Robust Scalable Website Fingerprinting
    Technique}},
    author={Hayes, Jamie and Danezis, George},
    booktitle={{USENIX} Security Symposium},
    year={2016}
}


@inproceedings{chatzikokolakis2013broadening,
  title={Broadening the scope of differential privacy using metrics},
  author={Chatzikokolakis, Konstantinos and Andr{\'e}s, Miguel E and Bordenabe, Nicol{\'a}s Emilio and Palamidessi, Catuscia},
  booktitle={Privacy Enhancing Technologies: 13th International Symposium, PETS 2013, Bloomington, IN, USA, July 10-12, 2013. Proceedings 13},
  pages={82--102},
  year={2013},
  organization={Springer}
}

@article{dwork2014algorithmic,
  title={The algorithmic foundations of differential privacy},
  author={Dwork, Cynthia and Roth, Aaron and others},
  journal={Foundations and Trends{\textregistered} in Theoretical Computer Science},
  volume={9},
  number={3--4},
  pages={211--407},
  year={2014},
  publisher={Now Publishers, Inc.}
}

@inproceedings{kairouz2015composition,
  title={The composition theorem for differential privacy},
  author={Kairouz, Peter and Oh, Sewoong and Viswanath, Pramod},
  booktitle={International conference on machine learning},
  pages={1376--1385},
  year={2015},
  organization={PMLR}
}
@inproceedings{mironov2017renyi,
  title={R{\'e}nyi differential privacy},
  author={Mironov, Ilya},
  booktitle={2017 IEEE 30th computer security foundations symposium (CSF)},
  pages={263--275},
  year={2017},
  organization={IEEE}
}

@inproceedings{shmatikov2006timing,
  title={Timing analysis in low-latency mix networks: Attacks and defenses},
  author={Shmatikov, Vitaly and Wang, Ming-Hsiu},
  booktitle={Computer Security--ESORICS 2006: 11th European Symposium on Research in Computer Security, Hamburg, Germany, September 18-20, 2006. Proceedings 11},
  pages={18--33},
  year={2006},
  organization={Springer}
}

@inproceedings{juarez2016toward,
  title={Toward an efficient website fingerprinting defense},
  author={Juarez, Marc and Imani, Mohsen and Perry, Mike and Diaz, Claudia and Wright, Matthew},
  booktitle={Computer Security--ESORICS 2016: 21st European Symposium on Research in Computer Security, Heraklion, Greece, September 26-30, 2016, Proceedings, Part I 21},
  pages={27--46},
  year={2016},
  organization={Springer}
}

@inproceedings{dingledine2004tor,
  title={Tor: The second-generation onion router.},
  author={Dingledine, Roger and Mathewson, Nick and Syverson, Paul F and others},
  booktitle={USENIX security symposium},
  volume={4},
  pages={303--320},
  year={2004}
}


@inproceedings{wright2009traffic,
  title={Traffic Morphing: An Efficient Defense Against Statistical Traffic Analysis.},
  author={Wright, Charles V and Coull, Scott E and Monrose, Fabian},
  booktitle={NDSS},
  volume={9},
  year={2009}
}


@inproceedings{dyer2012peek,
  title={Peek-a-boo, i still see you: Why efficient traffic analysis countermeasures fail},
  author={Dyer, Kevin P and Coull, Scott E and Ristenpart, Thomas and Shrimpton, Thomas},
  booktitle={2012 IEEE symposium on security and privacy},
  pages={332--346},
  year={2012},
  organization={IEEE}
}


@inproceedings{cai2014cs,
  title={Cs-buflo: A congestion sensitive website fingerprinting defense},
  author={Cai, Xiang and Nithyanand, Rishab and Johnson, Rob},
  booktitle={Proceedings of the 13th Workshop on Privacy in the Electronic Society},
  pages={121--130},
  year={2014}
}

@inproceedings{cai2014systematic,
  title={A systematic approach to developing and evaluating website fingerprinting defenses},
  author={Cai, Xiang and Nithyanand, Rishab and Wang, Tao and Johnson, Rob and Goldberg, Ian},
  booktitle={Proceedings of the 2014 ACM SIGSAC Conference on Computer and Communications Security},
  pages={227--238},
  year={2014}
}

@inproceedings{langley2017quic,
  title={The quic transport protocol: Design and internet-scale deployment},
  author={Langley, Adam and Riddoch, Alistair and Wilk, Alyssa and Vicente, Antonio and Krasic, Charles and Zhang, Dan and Yang, Fan and Kouranov, Fedor and Swett, Ian and Iyengar, Janardhan and others},
  booktitle={Proceedings of the conference of the ACM special interest group on data communication},
  pages={183--196},
  year={2017}
}

@misc{rfc9000,
    series =    {Request for Comments},
    number =    9000,
    howpublished =  {RFC 9000},
    publisher = {RFC Editor},
    doi =       {10.17487/RFC9000},
    url =       {https://www.rfc-editor.org/info/rfc9000},
        author =    {Jana Iyengar and Martin Thomson},
    title =     {{QUIC: A UDP-Based Multiplexed and Secure Transport}},
    pagetotal = 151,
    year =      2021,
    month =     may
}

@misc{rfc9001,
    series =    {Request for Comments},
    number =    9001,
    howpublished =  {RFC 9001},
    publisher = {RFC Editor},
    doi =       {10.17487/RFC9001},
    url =       {https://www.rfc-editor.org/info/rfc9001},
        author =    {Martin Thomson and Sean Turner},
    title =     {{Using TLS to Secure QUIC}},
    pagetotal = 52,
    year =      2021,
    month =     may
}

@misc{rfc6582,
    series =    {Request for Comments},
    number =    6582,
    howpublished =  {RFC 6582},
    publisher = {RFC Editor},
    doi =       {10.17487/RFC6582},
    url =       {https://www.rfc-editor.org/info/rfc6582},
        author =    {Andrei Gurtov and Tom Henderson and Sally Floyd and Yoshifumi Nishida},
    title =     {{The NewReno Modification to TCP's Fast Recovery Algorithm}},
    pagetotal = 16,
    year =      2012,
    month =     apr
}

@misc{rfc2818,
    series =    {Request for Comments},
    number =    2818,
    howpublished =  {RFC 2818},
    publisher = {RFC Editor},
    doi =       {10.17487/RFC2818},
    url =       {https://www.rfc-editor.org/info/rfc2818},
        author =    {Eric Rescorla},
    title =     {{HTTP Over TLS}},
    pagetotal = 7,
    year =      2000,
    month =     may
}

@inproceedings{wang2017walkie,
  title={$\{$Walkie-Talkie$\}$: An efficient defense against passive website fingerprinting attacks},
  author={Wang, Tao and Goldberg, Ian},
  booktitle={26th USENIX Security Symposium (USENIX Security 17)},
  pages={1375--1390},
  year={2017}
}

@inproceedings{nithyanand2014glove,
    title={{Glove: A Bespoke Website Fingerprinting Defense}},
    author={Nithyanand, Rishab and Cai, Xiang and Johnson, Rob},
    booktitle={Workshop on Privacy in the Electronic Society (WPES)},
    year={2014},
}

@misc{tcp-meltdown,
    title={{What is TCP Meltdown?}},
    howpublished={\url{https://openvpn.net/faq/what-is-tcp-meltdown/}},
    note={Accessed on Apr 30, 2023}
}


@inproceedings{honda2005tcpovertcp,
    title={{Understanding TCP over TCP: effects of TCP tunneling on end-to-end
    throughput and latency}},
    author={Honda, Osamu and Ohsaki, Hiroyuki and Imase, Makoto and Ishizuka,
    Mika and Murayama, Junichi},
    booktitle={Performance, Quality of Service, and Control of Next-Generation
    Communication and Sensor Networks III},
    volume={6011},
    pages={138--146},
    year={2005},
}

@article{bai2018empirical,
  title={An empirical evaluation of generic convolutional and recurrent networks for sequence modeling},
  author={Bai, Shaojie and Kolter, J Zico and Koltun, Vladlen},
  journal={arXiv preprint arXiv:1803.01271},
  year={2018}
}

@article{goodfellow2014explaining,
  title={Explaining and harnessing adversarial examples},
  author={Goodfellow, Ian J and Shlens, Jonathon and Szegedy, Christian},
  journal={arXiv preprint arXiv:1412.6572},
  year={2014}
}


@inproceedings{zhang2019statistical,
  title={Statistical privacy for streaming traffic},
  author={Zhang, Xiaokuan and Hamm, Jihun and Reiter, Michael K and Zhang, Yinqian},
  booktitle={Proceedings of the 26th ISOC Symposium on Network and Distributed System Security},
  year={2019}
}


@incollection{hinton1990connectionist,
  title={Connectionist learning procedures},
  author={Hinton, Geoffrey E},
  booktitle={Machine learning},
  pages={555--610},
  year={1990},
  publisher={Elsevier}
}

@article{elman1990finding,
  title={Finding structure in time},
  author={Elman, Jeffrey L},
  journal={Cognitive science},
  volume={14},
  number={2},
  pages={179--211},
  year={1990},
  publisher={Wiley Online Library}
}


@inproceedings{long2015fully,
  title={Fully convolutional networks for semantic segmentation},
  author={Long, Jonathan and Shelhamer, Evan and Darrell, Trevor},
  booktitle={Proceedings of the IEEE conference on computer vision and pattern recognition},
  pages={3431--3440},
  year={2015}
}

@article{oord2016wavenet,
  title={Wavenet: A generative model for raw audio},
  author={Oord, Aaron van den and Dieleman, Sander and Zen, Heiga and Simonyan, Karen and Vinyals, Oriol and Graves, Alex and Kalchbrenner, Nal and Senior, Andrew and Kavukcuoglu, Koray},
  journal={arXiv preprint arXiv:1609.03499},
  year={2016}
}

@inproceedings{kocher2018spectre,
    title = {{Spectre Attacks: Exploiting Speculative Execution}},
    author = {Paul Kocher and Jann Horn and Anders Fogh and and Daniel Genkin
    and Daniel Gruss and Werner Haas and Mike Hamburg and Moritz Lipp and Stefan
    Mangard and Thomas Prescher and Michael Schwarz and Yuval Yarom},
    booktitle = {IEEE Symposium on Security and Privacy (S\&P)},
    year = {2019},
}

@inproceedings{yarom2014flushreload,
	title = {{FLUSH+RELOAD: A High Resolution, Low Noise, L3 Cache Side-Channel Attack}},
	author = {Yarom, Yuval and Falkner, Katrina},
	booktitle = {USENIX Security Symposium},
	year = {2014},
}

@inproceedings{liu2015llcpractical,
	title = {{Last-level cache side-channel attacks are practical}},
	author = {Liu, Fangfei and Yarom, Yuval and Ge, Qian and Heiser, Gernot and Lee, Ruby B},
	booktitle = {IEEE Symposium on Security and Privacy (SP)},
	year = {2015},
}

@inproceedings{irazoqui2015ssa,
	title = {{S\$A: A Shared Cache Attack That Works across Cores and Defies VM Sandboxing--and Its Application to AES}},
	author = {Irazoqui, Gorka and Eisenbarth, Thomas and Sunar, Berk},
	booktitle = {IEEE Symposium on Security and Privacy (SP)},
	year = {2015},
}


@inproceedings{vila2017loophole,
    title={{Loophole: Timing Attacks on Shared Event Loops in Chrome}},
    author={Vila, Pepe and K{\"o}pf, Boris},
    booktitle={USENIX Security Symposium},
    year={2017}
}

‌
@article{tan2017sfi,
title={{Principles and Implementation Techniques of Software-Based Fault
Isolation}},
author={Tan, Gang},
journal={Foundations and Trends{\textregistered} in Privacy and Security},
volume={1},
number={3},
pages={137--198},
year={2017},
}

@inproceedings{almeida2016verifying,
    title={{Verifying Constant-Time Implementations}},
    author={Almeida, Jos{\'e} Bacelar and Barbosa, Manuel and Barthe, Gilles and
    Dupressoir, Fran{\c{c}}ois and Emmi, Michael},
    booktitle={USENIX Security Symposium},
    year={2016}
}


@misc{page05partitionedcache,
	author = {Dan Page},
	title = {{Partitioned cache architecture as a side-channel defence mechanism}},
	journal = {{IACR} Cryptology ePrint Archive},
	volume = {2005},
	issue = {280},
	year = {2005},
}

@inproceedings{shi2011limiting,
	title={{Limiting cache-based side-channel in multi-tenant cloud using dynamic page coloring}},
	author={Shi, Jicheng and Song, Xiang and Chen, Haibo and Zang, Binyu},
	booktitle={IEEE/IFIP Intl. Conf. on Dependable Systems and Networks Workshops (DSN-W)},
	year={2011},
}

@inproceedings{kim2012stealthmem,
	title={{STEALTHMEM: System-Level Protection Against Cache-Based Side Channel Attacks in the Cloud}},
	author={Kim, Taesoo and Peinado, Marcus and Mainar-Ruiz, Gloria},
	booktitle={{USENIX Security Symposium}},
	year={2012}
}


@inproceedings{varadarajan2014scheduler,
    title={{Scheduler-based Defenses against Cross-VM Side-channels.}},
    author={Varadarajan, Venkatanathan and Ristenpart, Thomas and Swift, Michael M},
    booktitle={USENIX Security Symposium},
    year={2014}
}

@article{braun2015robust,
	title={{Robust and efficient elimination of cache and timing side channels}},
	author={Braun, Benjamin A and Jana, Suman and Boneh, Dan},
	journal={arXiv preprint arXiv:1506.00189},
	year={2015}
}

@inproceedings{tan2021invisible,
  title={Invisible probe: Timing attacks with PCIe congestion side-channel},
  author={Tan, Mingtian and Wan, Junpeng and Zhou, Zhe and Li, Zhou},
  booktitle={2021 IEEE Symposium on Security and Privacy (SP)},
  pages={322--338},
  year={2021},
  organization={IEEE}
}

@article{giechaskiel2022cross,
  title={Cross-vm covert-and side-channel attacks in cloud fpgas},
  author={Giechaskiel, Ilias and Tian, Shanquan and Szefer, Jakub},
  journal={ACM Transactions on Reconfigurable Technology and Systems},
  volume={16},
  number={1},
  pages={1--29},
  year={2022},
  publisher={ACM New York, NY}
}

@inproceedings{sabzi2024netshaper,
  title={$\{$NetShaper$\}$: A Differentially Private Network $\{$Side-Channel$\}$ Mitigation System},
  author={Sabzi, Amir and Vora, Rut and Goswami, Swati and Seltzer, Margo and L{\'e}cuyer, Mathias and Mehta, Aastha},
  booktitle={33rd USENIX Security Symposium (USENIX Security 24)},
  pages={3385--3402},
  year={2024}
}

@inproceedings{beams2021ifs,
  title={{Packet scheduling with optional client privacy}},
  author={Beams, Andrew and Kannan, Sampath and Angel, Sebastian},
  booktitle={ACM Conf. on Computer and Communications Security (CCS)},
  year={2021}
}

@inproceedings{vattikonda2012tdma,
  title = {{Practical TDMA for Datacenter Ethernet}},
  author = {Vattikonda, Bhanu Chandra and Porter, George and Vahdat, Amin and Snoeren, Alex C},
  booktitle = {ACM European Conference on Computer Systems (EuroSys)},
  year = {2012},
}


@inproceedings{murtagh2015complexity,
  title={The complexity of computing the optimal composition of differential privacy},
  author={Murtagh, Jack and Vadhan, Salil},
  booktitle={Theory of Cryptography Conference},
  pages={157--175},
  year={2015},
  organization={Springer}
}

@inproceedings{renyi1961measures,
  title={On measures of entropy and information},
  author={R{\'e}nyi, Alfr{\'e}d},
  booktitle={Proceedings of the Fourth Berkeley Symposium on Mathematical Statistics and Probability, Volume 1: Contributions to the Theory of Statistics},
  volume={4},
  pages={547--562},
  year={1961},
  organization={University of California Press}
}

@inproceedings{kifer2011no,
  title={No free lunch in data privacy},
  author={Kifer, Daniel and Machanavajjhala, Ashwin},
  booktitle={Proceedings of the 2011 ACM SIGMOD International Conference on Management of data},
  pages={193--204},
  year={2011}
}

@article{cohen2009pearson,
  title={Pearson correlation coefficient},
  author={Cohen, Israel and Huang, Yiteng and Chen, Jingdong and Benesty, Jacob and Benesty, Jacob and Chen, Jingdong and Huang, Yiteng and Cohen, Israel},
  journal={Noise reduction in speech processing},
  pages={1--4},
  year={2009},
  publisher={Springer}
}

@article{zhu2014correlated,
  title={Correlated differential privacy: Hiding information in non-IID data set},
  author={Zhu, Tianqing and Xiong, Ping and Li, Gang and Zhou, Wanlei},
  journal={IEEE Transactions on Information Forensics and Security},
  volume={10},
  number={2},
  pages={229--242},
  year={2014},
  publisher={IEEE}
}
@inproceedings{chen2010reality,
	author = {Chen, Shuo and Wang, Rui and Wang, XiaoFeng and Zhang, Kehuan},
	title={{Side-Channel Leaks in Web Applications: A Reality Today, a Challenge
    Tomorrow}},
	booktitle = {IEEE Symposium on Security and Privacy (SP)},
	year = {2010},
}

@article{chen2014correlated,
  title={Correlated network data publication via differential privacy},
  author={Chen, Rui and Fung, Benjamin CM and Yu, Philip S and Desai, Bipin C},
  journal={The VLDB Journal},
  volume={23},
  pages={653--676},
  year={2014},
  publisher={Springer}
}

@online{webstat,
    title = {Video Marketing Statistics In 2023},
    author = {Daniel Ruby},
    year = {2023},
    url = {https://www.demandsage.com/video-marketing-statistics},
    note = {Accessed on 2023, Aug 26},
}

@inproceedings{meier2022ditto,
  title={Ditto: WAN traffic obfuscation at line rate},
  author={Meier, Roland and Lenders, Vincent and Vanbever, Laurent},
  booktitle={NDSS Symposium},
  year={2022}
}

@misc{netshaper_repo,
  title = {NetShaper Repository},
  howpublished = {\url{https://github.com/ubc-systopia/minesvpn}},
  note = {Accessed: August 28, 2023}
}


@article{lyu2016understanding,
  title={Understanding the sparse vector technique for differential privacy},
  author={Lyu, Min and Su, Dong and Li, Ninghui},
  journal={arXiv preprint arXiv:1603.01699},
  year={2016}
}

@article{netshaper,
  title={NetShaper: A Differentially Private Network Side-Channel Mitigation System},
  author={Sabzi, Amir and Vora, Rut and Goswami, Swati and Seltzer, Margo and L\'ecuyer, Mathias and Mehta, Aastha},
  journal={arXiv preprint},
  year={2023},
  note={Under review}
}

@inproceedings{hou2020wf,
  title={WF-GAN: Fighting back against website fingerprinting attack using adversarial learning},
  author={Hou, Chengshang and Gou, Gaopeng and Shi, Junzheng and Fu, Peipei and Xiong, Gang},
  booktitle={2020 IEEE Symposium on Computers and Communications (ISCC)},
  pages={1--7},
  year={2020},
  organization={IEEE}
}